@book{box1978statistics,
  title={Statistics for experimenters},
  author={Box, George EP and Hunter, William H and Hunter, Stuart and others},
  volume={664},
  year={1978},
  publisher={John Wiley and sons New York}
}

@misc{NSA,
   author = {NASA-Sloan Atlas},
   title = {NASA-Sloan Atlas (NSA) catalog},
   note = {\url{https://data.sdss.org/datamodel/files/ATLAS_DATA/ATLAS_MAJOR_VERSION/nsa.html}}
}

@misc{redshift,
   author = {Elizabeth Howell, Daisy Dobrijevic},
   title = {Redshift and blueshift: What do they mean?},
   note = {\url{https://www.space.com/25732-redshift-blueshift.html}}
}

@misc{ab,
   author = {Wikipedia},
   title = {Absolute Magnitude},
   note = {\url{https://en.wikipedia.org/wiki/Absolute_magnitude}}
}

@misc{CRAN,
   author = {R-project},
   title = {Available CRAN Packages By Name},
   note = {\url{https://cran.r-project.org/web/packages/available_packages_by_name.html}}
}

